@misc{es6-plato,
  author={Jesse Harlin and Jarrod Overson and Craig Davis and David Linse},
  title={es6-plato 1.2.3},
  year={2019},
  month={aug},
  note={Visualize JavaScript source complexity with plato. Based on the older es5 plato, this is a port to es6 and eslint}
}

@misc(lisa,
author={dineshLL and AchalaDias and JudeNirosan and maxeau},
title={lisa},
year={2018},
month={may},
note={Project Lisa is an online tool which teach Object Oriented concepts to the users. This intuitive tool also helps the users be familierize with C++ syntaxes while they learn OOP concepts.})
